
@Manual{Rcoreteam2020,
    title = {R: A Language and Environment for Statistical Computing},
    author = {{R Core Team}},
    organization = {R Foundation for Statistical Computing},
    address = {Vienna, Austria},
    year = {2020},
    url = {https://www.R-project.org/},
  }
  
@misc{ wikipython,
    author = "{Wikipedia contributors}",
    title = "Python (programming language) --- {Wikipedia}{,} The Free Encyclopedia",
    year = "2020",
    url = "https://en.wikipedia.org/w/index.php?title=Python_(programming_language)&oldid=996025213",
    note = "[Online; accessed 25-December-2020]"
  }

@Book{xie2015,
  title = {Dynamic Documents with {R} and knitr},
  author = {Yihui Xie},
  publisher = {Chapman and Hall/CRC},
  address = {Boca Raton, Florida},
  year = {2015},
  edition = {2nd},
  note = {ISBN 978-1498716963},
  url = {http://yihui.name/knitr/},
}

  @misc{ wikiR,
    author = "{Wikipedia contributors}",
    title = "R (programming language) --- {Wikipedia}{,} The Free Encyclopedia",
    year = "2020",
    url = "https://en.wikipedia.org/w/index.php?title=R_(programming_language)&oldid=995691124",
    note = "[Online; accessed 25-December-2020]"
  }
